@software{Avogadro,
  author  = {{Avogadro Development Team}},
  title   = {Avogadro: An open-source molecular builder and visualization tool},
  url     = {http://avogadro.cc/},
  version = {1.2.0n},
  date    = {2017}
}

@misc{ref:data_qm9,
  author = {Ramakrishnan, Raghunathan and Dral and Pavlo, ; and Rupp, Matthias and Anatole Von Lilienfeld, O},
  date   = {2014},
  title  = {Quantum chemistry structures and properties of 134 kilo molecules. figshare},
  doi    = {10.6084/m9.figshare.c.978904.v5}
}

@article{ref:article2_qm9,
  title     = {Quantum chemistry structures and properties of 134 kilo molecules},
  author    = {Ramakrishnan, Raghunathan and Dral, Pavlo O and Rupp, Matthias and von Lilienfeld, O Anatole},
  journal   = {Scientific Data},
  volume    = {1},
  year      = {2014},
  publisher = {Nature Publishing Group}
}

@article{ref:article1_qm9,
  author       = {Ruddigkeit, Lars and Van Deursen, Ruud and Blum, Lorenz and Reymond, Jean-Louis},
  date         = {2012-11-01},
  journaltitle = {Journal of Chemical Information and Modeling},
  title        = {Enumeration of 166 Billion Organic Small Molecules in the Chemical Universe Database GDB-17},
  doi          = {10.1021/ci300415d},
  number       = {11},
  pages        = {2864-2875},
  volume       = {52},
  day          = {1},
  month        = {11},
  publisher    = {American Chemical Society (ACS)},
  year         = {2012}
}

@article{ref:pyscf,
  author       = {Sun, Qiming and Berkelbach, Timothy C. and Blunt, Nick S. and Booth, George H. and Guo, Sheng and Li, Zhendong and Liu, Junzi and McClain, James D. and Sayfutyarova, Elvira R. and Sharma, Sandeep and Wouters, Sebastian and Chan, Garnet Kin‐Lic},
  date         = {2017-09},
  journaltitle = {WIREs Computational Molecular Science},
  title        = {PySCF: the Python‐based simulations of chemistry framework},
  doi          = {10.1002/wcms.1340},
  issn         = {1759-0884},
  number       = {1},
  volume       = {8},
  publisher    = {Wiley}
}

@Article{ref:sk-learn,
  author  = {Pedregosa, F. and Varoquaux, G. and Gramfort, A. and Michel, V. and Thirion, B. and Grisel, O. and Blondel, M. and Prettenhofer, P. and Weiss, R. and Dubourg, V. and Vanderplas, J. and Passos, A. and Cournapeau, D. and Brucher, M. and Perrot, M. and Duchesnay, E.},
  title   = {{Scikit-learn: Machine Learning in Python }},
  pages   = {2825--2830},
  volume  = {12},
  journal = {Journal of Machine Learning Research},
  year    = {2011},
}

@Comment{jabref-meta: databaseType:biblatex;}
