@software{Avogadro,
  author  = {{Avogadro Development Team}},
  title   = {Avogadro: An open-source molecular builder and visualization tool},
  url     = {http://avogadro.cc/},
  version = {1.2.0n},
  date    = {2017}
}

